@article{ligue2022deep,
	title   = {Deep Learning Approach to Forecasting Dengue Cases in Davao City Using Long Short-term Memory (LSTM).},
	author  = {Ligue, Kim Dianne B and Ligue, Kristine Joy B},
	journal = {Philippine Journal of Science},
	volume  = {151},
	number  = {3},
	year    = {2022}
}

@online{bosano2023who,
	title   = {WHO: PH most affected by dengue in Western Pacific.},
	author  = {Bosano, Raphael},
	year    = {2023},
	url     = {https://news.abs-cbn.com/spotlight/12/22/23/who-ph-most-affected-by-dengue-in-western-pacific},
	urldate = {Use the date of access}
}

@online{lena2024,
	title   = {Iloilo beefs up efforts amid hike in dengue cases.},
	author  = {Perla},
	year    = {2024},
	url     = {https://www.pna.gov.ph/articles/1231208},
	urldate = {Use the date of access}
}

@online{WHO2024,
	title   = {Dengue and severe dengue.},
	author  = {WHO},
	year    = {2024},
	url     = {https://www.who.int/news-room/fact-sheets/detail/dengue-and-severe-dengue},
	urldate = {Use the date of access}
}

@online{WHO2023,
	title   = {Dengue - Global situation},
	author  = {WHO},
	year    = {2023},
	url     = {https://www.who.int/emergencies/disease-outbreak-news/item/2023-DON498},
	urldate = {Use the date of access}
}


@online{PNA2024,
	title   = {Iloilo beefs up efforts amid hike in dengue cases},
	author  = {Perla Lena},
	year    = {2024},
	url     = {https://www.pna.gov.ph/articles/1231208},
	urldate = {Use the date of access}
}

@article{guo2017developing,
  title={Developing a dengue forecast model using machine learning: A case study in China},
  author={Guo, Pi and Liu, Tao and Zhang, Qin and Wang, Li and Xiao, Jianpeng and Zhang, Qingying and Luo, Ganfeng and Li, Zhihao and He, Jianfeng and Zhang, Yonghui and others},
  journal={PLoS neglected tropical diseases},
  volume={11},
  number={10},
  pages={e0005973},
  year={2017},
  publisher={Public Library of Science San Francisco, CA USA}
}

@article{zhao2020machine,
  title={Machine learning and dengue forecasting: Comparing random forests and artificial neural networks for predicting dengue burden at national and sub-national scales in Colombia},
  author={Zhao, Naizhuo and Charland, Katia and Carabali, Mabel and Nsoesie, Elaine O and Maheu-Giroux, Mathieu and Rees, Erin and Yuan, Mengru and Garcia Balaguera, Cesar and Jaramillo Ramirez, Gloria and Zinszer, Kate},
  journal={PLoS neglected tropical diseases},
  volume={14},
  number={9},
  pages={e0008056},
  year={2020},
  publisher={Public Library of Science San Francisco, CA USA}
}

@article{salim2021prediction,
  title={Prediction of dengue outbreak in Selangor Malaysia using machine learning techniques},
  author={Salim, Nurul Azam Mohd and Wah, Yap Bee and Reeves, Caitlynn and Smith, Madison and Yaacob, Wan Fairos Wan and Mudin, Rose Nani and Dapari, Rahmat and Sapri, Nik Nur Fatin Fatihah and Haque, Ubydul},
  journal={Scientific reports},
  volume={11},
  number={1},
  pages={939},
  year={2021},
  publisher={Nature Publishing Group UK London}
}

